% TODO: Ver cómo citar la normativa de créditos
@online{creditos,
    title = {Reglamento de reconocimiento de créditos ECTS por haber cursado
             enseñanzas universitarias no oficiales para las},
}

@inbook{chapman,
    editor = {{Insup Lee} {Joseph Y-T. Leung} {Sang H. Son}},
    title = {Handbook of Real-Time and Embedded Systems},
    chapter = {Safe and Structured Used of Interrupts in Real-Time and Embedded
               Software},
    pages = {6-8},
    publisher = {Chapman \& Hall},
    year = {2007},
    isbn = {9781584886785},
    edition = {1st},
}

@book{k&r,
    author = {{Brian W. Kernighan} {Dennis M. Ritchie}},
    title = {The C Programming Language},
    pages = {8},
    isbn = {9789688802052},
    series = {Prentice-Hall software series},
    year = {1988},
    publisher = {Prentice Hall},
    edition = {2nd},
}

@manual{atmega2560,
    title = {ATmega640/V-1280/V-1281/V-2560/V2561/V [DATASHEET]},
    year = {2020},
    number = {DS40002211A},
    note = {Rev. DS40002211A-05/2020},
    organization = {Microchip},
    url = {https://ww1.microchip.com/downloads/aemDocuments/documents/OTH/ProductDocuments/DataSheets/ATmega640-1280-1281-2560-2561-Datasheet-DS40002211A.pdf}
}
