% TODO: Ver cómo citar la normativa de créditos
@inbook{chapman,
    editor = {{Insup Lee} {Joseph Y-T. Leung} {Sang H. Son}},
    title = {Handbook of Real-Time and Embedded Systems},
    chapter = {Safe and Structured Used of Interrupts in Real-Time and Embedded
               Software},
    pages = {6-8},
    publisher = {Chapman \& Hall},
    year = {2007},
    isbn = {9781584886785},
    edition = {1st},
}

@book{k&r,
    author = {{Brian W. Kernighan} {Dennis M. Ritchie}},
    title = {The C Programming Language},
    pages = {8},
    isbn = {9789688802052},
    series = {Prentice-Hall software series},
    year = {1988},
    publisher = {Prentice Hall},
    edition = {2nd},
}

@manual{atmega2560,
    title = {ATmega640/V-1280/V-1281/V-2560/V2561/V [DATASHEET]},
    year = {2020},
    number = {DS40002211A},
    note = {Rev. DS40002211A-05/2020},
    organization = {Microchip},
    url = {https://ww1.microchip.com/downloads/aemDocuments/documents/OTH/ProductDocuments/DataSheets/ATmega640-1280-1281-2560-2561-Datasheet-DS40002211A.pdf}
}

@misc{saleae-logic,
    title = {Saleae Logic 1.x},
    author = {Saleae},
    url = {https://support.saleae.com/logic-software/legacy-software/older-software-releases},
    note = {Accedido el 5 de Septiembre de 2025}
}

@misc{sigrok-pv,
    title = {PulseView},
    author = {Sigrok},
    url = {https://sigrok.org/wiki/Downloads},
    note = {Accedido el 5 de Septiembre de 2025}
}

@misc{kde-plasma,
    title = {Plasma Desktop},
    author = {KDE},
    url = {https://kde.org/plasma-desktop/},
    note = {Accedido el 5 de Septiembre de 2025}
}

@misc{pyserial-lib,
    title = {pyserial},
    author = {pserial},
    url = {https://github.com/pyserial/pyserial},
    note = {Accedido el 5 de Septiembre de 2025}
}

@misc{json-lib,
    title = {json},
    author = {Python Software Foundation},
    url = {https://docs.python.org/3/library/json.html},
    note = {Accedido el 5 de Septiembre de 2025}
}

@misc{qtthemes-lib,
    title = {qt-themes},
    author = {beatreichenbach},
    url = {https://github.com/beatreichenbach/qt-themes},
    note = {Accedido el 5 de Septiembre de 2025}
}

@misc{avrdude,
    title = {AVRDUDE},
    author = {avrdudes},
    url = {https://github.com/avrdudes/avrdude},
    note = {Accedido el 5 de Septiembre de 2025}
}

@misc{qt-license,
    title = {Obligations of the GPL and LGPL},
    author = {The Qt Company},
    url = {https://www.qt.io/licensing/open-source-lgpl-obligations},
    note = {Accedido el 5 de Septiembre de 2025}
}

@misc{licenses,
    title = {GNU Lesser General Public License v3.0},
    author = {GitHub, Inc.},
    url = {https://choosealicense.com/licenses/lgpl-3.0/},
    note = {Accedido el 5 de Septiembre de 2025}
}
